@misc{Wu2019,
author = {Wu, Jun},
title = {{AI, Machine Learning, Deep Learning Explained Simply}},
url = {https://towardsdatascience.com/ai-machine-learning-deep-learning-explained-simply-7b553da5b960},
urldate = {2020-10-22},
year = {2019}
}

@article{Silva2020,
author = {da Silva, Lincoln Costa and Junior, Rogerio do Vale Cerqueira and Lopes, Hilton de Ara{\'{u}}jo and dos Santos, Marcos},
issn = {2358-6559},
journal = {Acanto em Revista},
number = {7},
pages = {85--102},
title = {{Utiliza{\c{c}}{\~{a}}o de t{\'{e}}cnicas de Minera{\c{c}}{\~{a}}o de Dados para detectar poss{\'{i}}veis relacionamentos entre empresas participantes de licita{\c{c}}{\~{o}}es nas For{\c{c}}as Armadas}},
volume = {7},
year = {2020}
}
